@article{brucker1999,
  title={Resource-constrained project scheduling: Notation, classification, models, and methods},
  author={Brucker, Peter and Drexl, Andreas and M{\"o}hring, Rolf and Neumann, Klaus and Pesch, Erwin},
  journal={European journal of operational research},
  volume={112},
  number={1},
  pages={3--41},
  year={1999},
  publisher={Elsevier}
}
@article{drexl1997,
  title={Lot sizing and schedulingâ€”survey and extensions},
  author={Drexl, Andreas and Kimms, Alf},
  journal={European Journal of Operational Research},
  volume={99},
  number={2},
  pages={221--235},
  year={1997},
  publisher={Elsevier}
}
@article{drexl2014bandc,
  title={Branch-and-cut algorithms for the vehicle routing problem with trailers and transshipments},
  author={Drexl, Michael},
  journal={Networks},
  volume={63},
  number={1},
  pages={119--133},
  year={2014},
  publisher={Wiley Online Library}
}